@incollection{NIPS2011_4296,
title = {Efficient Inference in Fully Connected CRFs with Gaussian Edge Potentials},
author = {Philipp Kr\"{a}henb\"{u}hl and Koltun, Vladlen},
booktitle = {Advances in Neural Information Processing Systems 24},
editor = {J. Shawe-Taylor and R. S. Zemel and P. L. Bartlett and F. Pereira and K. Q. Weinberger},
pages = {109--117},
year = {2011},
publisher = {Curran Associates, Inc.},
url = {http://papers.nips.cc/paper/4296-efficient-inference-in-fully-connected-crfs-with-gaussian-edge-potentials.pdf}
}
@inproceedings{crfasrnn_ICCV2015,
    author = {Shuai Zheng and Sadeep Jayasumana and Bernardino Romera-Paredes and Vibhav Vineet and
    Zhizhong Su and Dalong Du and Chang Huang and Philip H. S. Torr},
    title  = {Conditional Random Fields as Recurrent Neural Networks},
    booktitle = {International Conference on Computer Vision (ICCV)},
    year   = {2015}
}
@inproceedings{higherordercrf_ECCV2016,
	author = {Anurag Arnab and Sadeep Jayasumana and Shuai Zheng and Philip H. S. Torr},
	title  = {Higher Order Conditional Random Fields in Deep Neural Networks},
	booktitle = {European Conference on Computer Vision (ECCV)},
	year   = {2016}
}
@article{Arnab2017PixelwiseIS,
  title={Pixelwise Instance Segmentation with a Dynamically Instantiated Network},
  author={Anurag Arnab and Philip H. S. Torr},
  journal={2017 IEEE Conference on Computer Vision and Pattern Recognition (CVPR)},
  year={2017},
  pages={879-888}
}
@article{Teichmann2018ConvolutionalCF,
  title={Convolutional CRFs for Semantic Segmentation},
  author={Marvin T. T. Teichmann and Roberto Cipolla},
  journal={CoRR},
  year={2018},
  volume={abs/1805.04777}
}
@InProceedings{Li_2018_ECCV,
    author = {Li, Qizhu and 
              Arnab, Anurag and 
              Torr, Philip H.S.},
    title = {Weakly- and Semi-Supervised Panoptic Segmentation},
    booktitle = {The European Conference on Computer Vision (ECCV)},
    month = {September},
    year = {2018}
}